<?xml version="1.0" encoding="UTF-8"?><collection xmlns="http://www.loc.gov/MARC21/slim"><record><leader>00380nam--2200145-i-4500</leader><controlfield tag="001">000027433</controlfield><controlfield tag="002">20161230</controlfield><controlfield tag="005">20161230201036</controlfield><controlfield tag="008">060222s1000------------r-----000-0-eng-d</controlfield><datafield ind1=" " ind2=" " tag="080"><subfield code="a">543.544</subfield></datafield><datafield ind1=" " ind2=" " tag="100"><subfield code="a">Kirchner, Justus G</subfield></datafield><datafield ind1=" " ind2=" " tag="245"><subfield code="a">Thin-layer chromatography</subfield></datafield><datafield ind1=" " ind2=" " tag="260"><subfield code="a">New York, Interscience Publ., 1967. Xxi+788p</subfield></datafield><datafield ind1=" " ind2=" " tag="490"><subfield code="a">Technique Of Organic Chemistry</subfield></datafield><datafield ind1=" " ind2=" " tag="852"><subfield code="a">12776</subfield></datafield></record></collection>